% Encoding: UTF-8

@article{gaglianone2012evaluating,
	title={Evaluating value-at-risk models via quantile regression},
	author={Gaglianone, Wagner Piazza and Lima, Luiz Renato and Linton, Oliver and Smith, Daniel R},
	journal={Journal of Business \& Economic Statistics},
	year={2012},
	publisher={Taylor \& Francis}
}

@article{jurado2015measuring,
	title={Measuring uncertainty},
	author={Jurado, Kyle and Ludvigson, Sydney C and Ng, Serena},
	journal={The American Economic Review},
	volume={105},
	number={3},
	pages={1177--1216},
	year={2015},
	publisher={American Economic Association}
}

@techreport{hoghaug2017asset,
  title={Asset returns, news topics and media effects},
  author={H{\o}ghaug Larsen, Vegard and Thorsrud, Leif Anders},
  year={2017},
  publisher={ Working Paper Series No. 5/2017},
  institution={BI Norwegian Business School, Centre for applied macro - and petroleum economics (CAMP)}
  }


@misc{newey1986simple,
  title={A simple, positive semi-definite, heteroskedasticity and autocorrelationconsistent covariance matrix},
  author={Newey, Whitney K and West, Kenneth D},
  year={1986},
  publisher={National Bureau of Economic Research Cambridge, Mass., USA}
}

@techreport{diebold2018machine,
  title={Machine Learning for Regularized Survey Forecast Combination: Partially-Egalitarian Lasso and its Derivatives},
  author={Diebold, Francis X and Shin, Minchul},
  year={2018},
  institution={National Bureau of Economic Research}
}

@article{goncalves2017tests,
  title={Tests of equal accuracy for nested models with estimated factors},
  author={Gonçalves, Silvia and McCracken, Michael W and Perron, Benoit},
  journal={Journal of Econometrics},
  volume={198},
  number={2},
  pages={231--252},
  year={2017},
  publisher={Elsevier}
}

@techreport{heston2015news,
  title={News versus sentiment: Predicting stock returns from news stories},
  author={Heston, Steven L and Sinha, Nitish Ranjan},
  year={2015},
  institution={Social Science Research Network (SSRN)}
}

@article{diebold1990nonparametric,
	title={A nonparametric investigation of duration dependence in the American business cycle},
	author={Diebold, Francis X and Rudebusch, Glenn D},
	journal={Journal of Political Economy},
	pages={596--616},
	year={1990},
	publisher={JSTOR}
}

@article{sargent1987inflation,
	title={Inflation and the government budget constraint},
	author={Sargent, Thomas J and Wallace, Neil},
	journal={Economic policy in theory and practice},
	pages={170--200},
	year={1987},
	publisher={Macmillan New York}
}

@article{sargent1977business,
	title={Business cycle modeling without pretending to have too much a priori economic theory},
	author={Sargent, Thomas J and Sims, Christopher A and others},
	journal={New methods in business cycle research},
	volume={1},
	pages={145--168},
	year={1977},
	publisher={Federal Reserve Bank of Minneapolis: Minneapolis}
}

@inproceedings{bai2011financial,
	title={Financial markets and fluctuations in uncertainty},
	author={Bai, Yan and Kehoe, Patrick and Arellano, Cristina},
	booktitle={2011 Meeting Papers},
	number={896},
	year={2011},
	organization={Society for Economic Dynamics}
}

@article{so2013new,
	title={A new approach to predicting analyst forecast errors: Do investors overweight analyst forecasts?},
	author={So, Eric C},
	journal={Journal of Financial Economics},
	volume={108},
	number={3},
	pages={615--640},
	year={2013},
	publisher={Elsevier}
}

@techreport{bloom2012really,
	title={Really uncertain business cycles},
	author={Bloom, Nicholas and Floetotto, Max and Jaimovich, Nir and Saporta-Eksten, Itay and Terry, Stephen J},
	year={2012},
	institution={National Bureau of Economic Research}
}

@article{scotti2013surprise,
  title={Surprise and uncertainty indexes: Real-time aggregation of real-activity macro-surprises},
  author={Scotti, Chiara},
  journal={Journal of Monetary Economics},
  volume={82},
  pages={1--19},
  year={2016},
  publisher={Elsevier}
}


@Book{CR,
  Title                    = {Statistical Inference},
  Author                   = {George Casella and Roger L. Berger},
  Publisher                = {Cengage Learning},
  Year                     = {2001},

  Owner                    = {Lucas Godeiro},
  Timestamp                = {2015.05.08}
}

@Book{Riviera,
  Title                    = {Forecasting for Economics and Business},
  Author                   = {Gloria González-Riviera},
  Publisher                = {Pearson},
  Year                     = {2013},

  Owner                    = {Lucas Godeiro},
  Timestamp                = {2015.05.20}
}

@Article{meyer1965introductory,
  Title                    = {Introductory probability and statistical applications},
  Author                   = {Meyer, Paul L},
  Year                     = {1965},

  Publisher                = {Addison-Wesley}
}


@book{hamilton1994time,
	title={Time series analysis},
	author={Hamilton, James Douglas},
	volume={2},
	year={1994},
	publisher={Princeton university press Princeton}
}

@article{geweke1983estimation,
	title={The estimation and application of long memory time series models},
	author={Geweke, John and Porter-Hudak, Susan},
	journal={Journal of time series analysis},
	volume={4},
	number={4},
	pages={221--238},
	year={1983},
	publisher={Wiley Online Library}
}

@article{oslington2012general,
	title={General Equilibrium: Theory and Evidence},
	author={Oslington, Paul},
	journal={Economic Record},
	volume={88},
	number={282},
	pages={446--448},
	year={2012},
	publisher={Wiley Online Library}
}

@article{ng2004international,
	title={The international CAPM when expected returns are time-varying},
	author={Ng, David T},
	journal={Journal of International Money and Finance},
	volume={23},
	number={2},
	pages={189--230},
	year={2004},
	publisher={Elsevier}
}

@Article{Gaglianone2012,
  author    = {Gaglianone, Wagner Piazza and Lima, Luiz Renato and Linton, Oliver and Smith, Daniel R},
  title     = {Evaluating value-at-risk models via quantile regression},
  journal   = {Journal of Business \& Economic Statistics},
  year      = {2012},
  publisher = {Taylor \& Francis},
}

@article{engle1986modelling,
	title={Modelling the persistence of conditional variances},
	author={Engle, Robert F and Bollerslev, Tim},
	journal={Econometric reviews},
	volume={5},
	number={1},
	pages={1--50},
	year={1986},
	publisher={Taylor \& Francis}
}

@book{danielsson2011financial,
	title={Financial risk forecasting: the theory and practice of forecasting market risk with implementation in R and Matlab},
	author={Dan{\'\i}elsson, J{\'o}n},
	volume={588},
	year={2011},
	publisher={John Wiley \& Sons}
}

@book{popper2004logica,
	title={A l{\'o}gica da pesquisa cient{\'\i}fica},
	author={Popper, Karl R},
	year={2004},
	publisher={Editora Cultrix}
}

@article{adler1983international,
	title={International portfolio choice and corporation finance: A synthesis},
	author={Adler, Michael and Dumas, Bernard},
	journal={Journal of finance},
	pages={925--984},
	year={1983},
	publisher={JSTOR}
}

@article{engle1995multivariate,
	title={Multivariate simultaneous generalized ARCH},
	author={Engle, Robert F and Kroner, Kenneth F},
	journal={Econometric theory},
	volume={11},
	number={01},
	pages={122--150},
	year={1995},
	publisher={Cambridge Univ Press}
}

@article{bollerslev1988capital,
	title={A capital asset pricing model with time-varying covariances},
	author={Bollerslev, Tim and Engle, Robert F and Wooldridge, Jeffrey M},
	journal={The Journal of Political Economy},
	pages={116--131},
	year={1988},
	publisher={JSTOR}
}

@article{ding2001large,
	title={Large scale conditional covariance matrix modeling, estimation and testing},
	author={Ding, Zhuanxin and Engle, Robert F},
	year={2001},
	publisher={NYU working paper No. Fin-01-029}
}

@article{eun1989international,
	title={International transmission of stock market movements},
	author={Eun, Cheol S and Shim, Sangdal},
	journal={Journal of financial and quantitative Analysis},
	volume={24},
	number={02},
	pages={241--256},
	year={1989},
	publisher={Cambridge Univ Press}
}

@article{tse2002multivariate,
	title={A multivariate generalized autoregressive conditional heteroscedasticity model with time-varying correlations},
	author={Tse, Yiu K and Tsui, Albert K C},
	journal={Journal of Business \& Economic Statistics},
	volume={20},
	number={3},
	pages={351--362},
	year={2002},
	publisher={Taylor \& Francis}
}

@article{karolyi1995multivariate,
	title={A multivariate GARCH model of international transmissions of stock returns and volatility: The case of the United States and Canada},
	author={Karolyi, G Andrew},
	journal={Journal of Business \& Economic Statistics},
	volume={13},
	number={1},
	pages={11--25},
	year={1995},
	publisher={Taylor \& Francis}
}

@article{eun2008international,
	title={International diversification with large-and small-cap stocks},
	author={Eun, Cheol S and Huang, Wei and Lai, Sandy},
	journal={Journal of Financial and Quantitative Analysis},
	volume={43},
	number={02},
	pages={489--524},
	year={2008},
	publisher={Cambridge Univ Press}
}

@article{modigliani1958cost,
	title={The cost of capital, corporation finance and the theory of investment},
	author={Modigliani, Franco and Miller, Merton H},
	journal={The American economic review},
	pages={261--297},
	year={1958},
	publisher={JSTOR}
}

@article{engle1982autoregressive,
	title={Autoregressive conditional heteroscedasticity with estimates of the variance of United Kingdom inflation},
	author={Engle, Robert F},
	journal={Econometrica: Journal of the Econometric Society},
	pages={987--1007},
	year={1982},
	publisher={JSTOR}
}

@article{susmel1994hourly,
	title={Hourly volatility spillovers between international equity markets},
	author={Susmel, Raul and Engle, Robert F},
	journal={Journal of International Money and Finance},
	volume={13},
	number={1},
	pages={3--25},
	year={1994},
	publisher={Elsevier}
}

@article{santis1997international,
	title={International asset pricing and portfolio diversification with time-varying risk},
	author={Santis, Giorgio and Gerard, Bruno},
	journal={The Journal of Finance},
	volume={52},
	number={5},
	pages={1881--1912},
	year={1997},
	publisher={Wiley Online Library}
}

@techreport{cappiello2000international,
	title={International capm with regime switching garch parameters},
	author={Cappiello, Lorenzo and Fearnley, Tom A},
	year={2000},
	institution={International Center for Financial Asset Management and Engineering}
}

@article{hamilton1990analysis,
	title={Analysis of time series subject to changes in regime},
	author={Hamilton, James D},
	journal={Journal of econometrics},
	volume={45},
	number={1},
	pages={39--70},
	year={1990},
	publisher={Elsevier}
}

@article{epstein1989substitution,
	title={Substitution, risk aversion, and the temporal behavior of consumption and asset returns: A theoretical framework},
	author={Epstein, Larry G and Zin, Stanley E},
	journal={Econometrica: Journal of the Econometric Society},
	pages={937--969},
	year={1989},
	publisher={JSTOR}
}

@book{hodrick1999international,
	title={An international dynamic asset pricing model},
	author={Hodrick, Robert J and Ng, David Tat-Chee and Sengmueller, Paul},
	year={1999},
	publisher={Springer}
}

@article{cappiello2006asymmetric,
	title={Asymmetric dynamics in the correlations of global equity and bond returns},
	author={Cappiello, Lorenzo and Engle, Robert F and Sheppard, Kevin},
	journal={Journal of Financial econometrics},
	volume={4},
	number={4},
	pages={537--572},
	year={2006},
	publisher={Oxford Univ Press}
}

@article{solnik1974equilibrium,
	title={An equilibrium model of the international capital market},
	author={Solnik, Bruno H},
	journal={Journal of economic theory},
	volume={8},
	number={4},
	pages={500--524},
	year={1974},
	publisher={Elsevier}
}

@article{markowitz1952portfolio,
	title={Portfolio selection*},
	author={Markowitz, Harry},
	journal={The journal of finance},
	volume={7},
	number={1},
	pages={77--91},
	year={1952},
	publisher={Wiley Online Library}
}



@article{bloom2009impact,
	title={The impact of uncertainty shocks},
	author={Bloom, Nicholas},
	journal={econometrica},
	volume={77},
	number={3},
	pages={623--685},
	year={2009},
	publisher={Wiley Online Library}
}

@article{issler2013constructing,
	title={Constructing coincident and leading indices of economic activity for the Brazilian economy},
	author={Issler, Jo{\~a}o Victor and Notini, Hilton Hostalacio and Rodrigues, Claudia Fontoura},
	journal={OECD Journal: Journal of Business Cycle Measurement and Analysis},
	volume={2012},
	number={2},
	pages={43--65},
	year={2013},
	publisher={Organisation for Economic Cooperation and Development (OECD)}
}
@article{carriero2015common,
  title={Common drifting volatility in large Bayesian VARs},
  author={Carriero, Andrea and Clark, Todd E and Marcellino, Massimiliano},
  journal={Journal of Business \& Economic Statistics},
  volume={34},
  number={3},
  pages={375--390},
  year={2016},
  publisher={Taylor \& Francis}
}

@article{sims2012uncertainty,
  title={Uncertainty and economic activity: Evidence from business survey data},
  author={Bachmann, R{\"u}diger and Elstner, Steffen and Sims, Eric R},
  journal={American Economic Journal: Macroeconomics},
  volume={5},
  number={2},
  pages={217--49},
  year={2013}
}

@Comment{jabref-meta: databaseType:bibtex;}

% Encoding: UTF-8
@book{elliott2013handbook1,
	title={Handbook of economic forecasting},
	author={Elliott, Graham and Timmermann, Allan},
	year={2013},
	publisher={Elsevier}
}

@article{marcellino2010factor,
  title={Factor MIDAS for Nowcasting and Forecasting with Ragged-Edge Data: A Model Comparison for German GDP},
  author={Marcellino, Massimiliano and Schumacher, Christian},
  journal={Oxford Bulletin of Economics and Statistics},
  volume={72},
  number={4},
  pages={518--550},
  year={2010},
  publisher={Wiley Online Library}
}

@article{andreou2013should,
  title={Should macroeconomic forecasters use daily financial data and how?},
  author={Andreou, Elena and Ghysels, Eric and Kourtellos, Andros},
  journal={Journal of Business \& Economic Statistics},
  volume={31},
  number={2},
  pages={240--251},
  year={2013},
  publisher={Taylor \& Francis Group}
}

@article{marcellino2016short,
  title={Short-Term GDP Forecasting With a Mixed-Frequency Dynamic Factor Model With Stochastic Volatility},
  author={Marcellino, Massimiliano and Porqueddu, Mario and Venditti, Fabrizio},
  journal={Journal of Business \& Economic Statistics},
  volume={34},
  number={1},
  pages={118--127},
  year={2016},
  publisher={Taylor \& Francis}
}

@article{carriero2015realtime,
  title={Realtime nowcasting with a Bayesian mixed frequency model with stochastic volatility},
  author={Carriero, Andrea and Clark, Todd E and Marcellino, Massimiliano},
  journal={Journal of the Royal Statistical Society: Series A (Statistics in Society)},
  volume={178},
  number={4},
  pages={837--862},
  year={2015},
  publisher={Wiley Online Library}
}

@article{christiano1999monetary,
  title={Monetary policy shocks: What have we learned and to what end?},
  author={Christiano, Lawrence J and Eichenbaum, Martin and Evans, Charles L},
  journal={Handbook of macroeconomics},
  volume={1},
  pages={65--148},
  year={1999},
  publisher={Elsevier}
}
@incollection{ramey2016macroeconomic,
  title={Macroeconomic shocks and their propagation},
  author={Ramey, Valerie A},
  booktitle={Handbook of Macroeconomics},
  volume={2},
  pages={71--162},
  year={2016},
  publisher={Elsevier}
}

@article{wright2012does,
  title={What does monetary policy do to long-term interest rates at the zero lower bound?},
  author={Wright, Jonathan H},
  journal={The Economic Journal},
  volume={122},
  number={564},
  year={2012},
  publisher={Wiley Online Library}
}

@article{altavilla2017effectiveness,
  title={The Effectiveness of Non-Standard Monetary Policy Measures: Evidence from Survey Data},
  author={Altavilla, Carlo and Giannone, Domenico},
  journal={Journal of Applied Econometrics},
  volume={32},
  number={5},
  pages={952--964},
  year={2017},
  publisher={Wiley Online Library}
}

@article{duarte2005predicting,
  title={Predicting real growth and the probability of recession in the Euro area using the yield spread},
  author={Duarte, Agust{\'\i}n and Venetis, Ioannis A and Paya, Ivan},
  journal={International Journal of Forecasting},
  volume={21},
  number={2},
  pages={261--277},
  year={2005},
  publisher={Elsevier}
}

@article{kydland1977rules,
  title={Rules rather than discretion: The inconsistency of optimal plans},
  author={Kydland, Finn E and Prescott, Edward C},
  journal={Journal of political economy},
  volume={85},
  number={3},
  pages={473--491},
  year={1977},
  publisher={The University of Chicago Press}
}
@article{lucca2015pre,
  title={The Pre-FOMC Announcement Drift},
  author={Lucca, David O and Moench, Emanuel},
  journal={The Journal of Finance},
  volume={70},
  number={1},
  pages={329--371},
  year={2015},
  publisher={Wiley Online Library}
}
@article{stock1989new1,
  title={New indexes of coincident and leading economic indicators},
  author={Stock, James H and Watson, Mark W},
  journal={NBER macroeconomics annual},
  volume={4},
  pages={351--394},
  year={1989},
  publisher={MIT press}
}

@article{plosser1994international,
  title={International term structures and real economic growth},
  author={Plosser, Charles I and Rouwenhorst, K Geert},
  journal={Journal of monetary economics},
  volume={33},
  number={1},
  pages={133--155},
  year={1994},
  publisher={Elsevier}
}

@article{mansoorian2004monetary,
  title={Monetary policy in a cash-in-advance economy: employment, capital accumulation, and the term structure of interest rates},
  author={Mansoorian, Arman and Mohsin, Mohammed},
  journal={Canadian Journal of Economics/Revue canadienne d'{\'e}conomique},
  volume={37},
  number={2},
  pages={336--352},
  year={2004},
  publisher={Wiley Online Library}
}

@article{estrella1998predicting,
  title={Predicting US recessions: Financial variables as leading indicators},
  author={Estrella, Arturo and Mishkin, Frederic S},
  journal={Review of Economics and Statistics},
  volume={80},
  number={1},
  pages={45--61},
  year={1998},
  publisher={MIT Press}
}

@article{estrella2005does,
  title={Why does the yield curve predict output and inflation?},
  author={Estrella, Arturo},
  journal={The Economic Journal},
  volume={115},
  number={505},
  pages={722--744},
  year={2005},
  publisher={Wiley Online Library}
}

@article{ahrens2002predicting,
  title={Predicting recessions with interest rate spreads: a multicountry regime-switching analysis},
  author={Ahrens, Ralf},
  journal={Journal of international Money and Finance},
  volume={21},
  number={4},
  pages={519--537},
  year={2002},
  publisher={Elsevier}
}

@article{estrella1991term,
  title={The term structure as a predictor of real economic activity},
  author={Estrella, Arturo and Hardouvelis, Gikas A},
  journal={The journal of Finance},
  volume={46},
  number={2},
  pages={555--576},
  year={1991},
  publisher={Wiley Online Library}
}

@article{ang2006does,
  title={What does the yield curve tell us about GDP growth?},
  author={Ang, Andrew and Piazzesi, Monika and Wei, Min},
  journal={Journal of econometrics},
  volume={131},
  number={1-2},
  pages={359--403},
  year={2006},
  publisher={Elsevier}
}

@article{bernard1998does,
  title={Does the term structure predict recessions? The international evidence},
  author={Bernard, Henri and Gerlach, Stefan},
  journal={International Journal of Finance \& Economics},
  volume={3},
  number={3},
  pages={195--215},
  year={1998},
  publisher={Wiley Online Library}
}

@article{nelson1972,
  title={The prediction performance of the FRB-MIT-PENN model of the US economy},
  author={Nelson, Charles R},
  journal={The American Economic Review},
  volume={62},
  number={5},
  pages={902--917},
  year={1972},
  publisher={JSTOR}
}

@article{rapach2010,
  title={Bagging or combining (or both)? An analysis based on forecasting US employment growth},
  author={Rapach, David E and Strauss, Jack K},
  journal={Econometric Reviews},
  volume={29},
  number={5-6},
  pages={511--533},
  year={2010},
  publisher={Taylor \& Francis}
}

@book{elliott2013,
  title={Handbook of economic forecasting},
  author={Elliott, Graham and Timmermann, Allan},
  year={2013},
  publisher={Elsevier}
}

@article{lima2016quantile,
  title={Quantile Forecasting with Mixed-Frequency Data},
  author={Lima, Luiz Renato, and Meng, Fanning and Godeiro, Lucas L\'ucio},
  journal={International Journal of Forecasting},
  year={2018},
  volume={Forthcoming}
  }

@article{efron2004least,
  title={Least angle regression},
  author={Efron, Bradley and Hastie, Trevor and Johnstone, Iain and Tibshirani, Robert and others},
  journal={The Annals of statistics},
  volume={32},
  number={2},
  pages={407--499},
  year={2004},
  publisher={Institute of Mathematical Statistics}
}

@article{li2015predicting,
  title={Predicting exchange rates out of sample: Can economic fundamentals beat the random walk?},
  author={Li, Jiahan and Tsiakas, Ilias and Wang, Wei},
  journal={Journal of Financial Econometrics},
  volume={13},
  number={2},
  pages={293--341},
  year={2015},
  publisher={Oxford University Press}
}

@article{zou2005regularization,
  title={Regularization and variable selection via the elastic net},
  author={Zou, Hui and Hastie, Trevor},
  journal={Journal of the Royal Statistical Society: Series B (Statistical Methodology)},
  volume={67},
  number={2},
  pages={301--320},
  year={2005},
  publisher={Wiley Online Library}
}

@article{bai2008forecasting,
  title={Forecasting economic time series using targeted predictors},
  author={Bai, Jushan and Ng, Serena},
  journal={Journal of Econometrics},
  volume={146},
  number={2},
  pages={304--317},
  year={2008},
  publisher={Elsevier}
}

@article{ahn2013eigenvalue,
  title={Eigenvalue ratio test for the number of factors},
  author={Ahn, Seung C and Horenstein, Alex R},
  journal={Econometrica},
  volume={81},
  number={3},
  pages={1203--1227},
  year={2013},
  publisher={Wiley Online Library}
}

@article{gurkaynak2004actions,
  title={Do actions speak louder than words? The response of asset prices to monetary policy actions and statements},
  author={Gurkaynak, Refet S and Sack, Brian P and Swanson, Eric T},
  year={2004}
}

@article{ehrmann2007communication,
  title={Communication by central bank committee members: different strategies, same effectiveness?},
  author={Ehrmann, Michael and Fratzscher, Marcel},
  journal={Journal of Money, Credit and Banking},
  volume={39},
  number={2-3},
  pages={509--541},
  year={2007},
  publisher={Wiley Online Library}
}

@inproceedings{cecchetti2003fomc,
  title={What the FOMC says and does when the stock market booms},
  author={Cecchetti, Stephen G and others},
  booktitle={Asset Prices and Monetary Policy, Proceedings of the Research Conference of the Reserve Bank of Australia},
  pages={77--96},
  year={2003}
}

@article{boukus2006information,
  title={The information content of FOMC minutes},
  author={Boukus, Ellyn and Rosenberg, Joshua V},
  journal={New York Fed},
  year={2006}
}

@article{hart2001redeveloping,
  title={Redeveloping DICTION: theoretical considerations},
  author={Hart, Roderick P},
  journal={Progress in communication sciences},
  pages={43--60},
  year={2001},
  publisher={ABLEX PUBLISHING CORPORATION}
}

@article{armesto2009measuring,
  title={Measuring the information content of the beige book: A mixed data sampling approach},
  author={Armesto, Michelle T and HERN{\'A}NDEZ-MURILLO, RUB{\'E}N and Owyang, Michael T and Piger, Jeremy},
  journal={Journal of Money, Credit and Banking},
  volume={41},
  number={1},
  pages={35--55},
  year={2009},
  publisher={Wiley Online Library}
}

@article{engelberg2008costly,
  title={Costly information processing: Evidence from earnings announcements},
  author={Engelberg, Joseph},
  year={2008}
}


@article{tetlock2007giving,
  title={Giving content to investor sentiment: The role of media in the stock market},
  author={Tetlock, Paul C},
  journal={The Journal of finance},
  volume={62},
  number={3},
  pages={1139--1168},
  year={2007},
  publisher={Wiley Online Library}
}

@article{tetlock2010does,
  title={Does public financial news resolve asymmetric information?},
  author={Tetlock, Paul C},
  journal={The Review of Financial Studies},
  volume={23},
  number={9},
  pages={3520--3557},
  year={2010},
  publisher={Oxford University Press}
}

@article{engelberg2012shorts,
  title={How are shorts informed?: Short sellers, news, and information processing},
  author={Engelberg, Joseph E and Reed, Adam V and Ringgenberg, Matthew C},
  journal={Journal of Financial Economics},
  volume={105},
  number={2},
  pages={260--278},
  year={2012},
  publisher={Elsevier}
}

@phdthesis{dossani2017central,
  title={Essays on Inference from Option Markets},
  author={Dossani, Asad},
  year={2018},
  school={UC San Diego}
}

@article{engelberg2011causal,
  title={The causal impact of media in financial markets},
  author={Engelberg, Joseph E and Parsons, Christopher A},
  journal={The Journal of Finance},
  volume={66},
  number={1},
  pages={67--97},
  year={2011},
  publisher={Wiley Online Library}
}

@article{primiceri2005time,
  title={Time varying structural vector autoregressions and monetary policy},
  author={Primiceri, Giorgio E},
  journal={The Review of Economic Studies},
  volume={72},
  number={3},
  pages={821--852},
  year={2005},
  publisher={Wiley-Blackwell}
}

@article{cogley2005drifts,
  title={Drifts and volatilities: monetary policies and outcomes in the post WWII US},
  author={Cogley, Timothy and Sargent, Thomas J},
  journal={Review of Economic dynamics},
  volume={8},
  number={2},
  pages={262--302},
  year={2005},
  publisher={Elsevier}
}

@article{welch2008comprehensive,
  title={A comprehensive look at the empirical performance of equity premium prediction},
  author={Welch, Ivo and Goyal, Amit},
  journal={Review of Financial Studies},
  volume={21},
  number={4},
  pages={1455--1508},
  year={2008},
  publisher={OXFORD UNIV PRESS INC JOURNALS DEPT, 2001 EVANS RD, CARY, NC 27513 USA}
}

@article{welch2007comprehensive,
	title={A comprehensive look at the empirical performance of equity premium prediction},
	author={Welch, Ivo and Goyal, Amit},
	journal={The Review of Financial Studies},
	volume={21},
	number={4},
	pages={1455--1508},
	year={2007},
	publisher={Society for Financial Studies}
}

@article{lima2017equityjae,
	title={Out-of-Sample Return Predictability: A Quantile Combination Approach},
	author={Lima, Luiz Renato and Meng, Fanning},
	journal={Journal of Applied Econometrics},
	volume={32},
	number={4},
	pages={877--895},
	year={2017},
	publisher={Wiley Online Library}
}


@article{koop2010bayesian,
  title={Bayesian multivariate time series methods for empirical macroeconomics},
  author={Koop, Gary and Korobilis, Dimitris and others},
  journal={Foundations and Trends{\textregistered} in Econometrics},
  volume={3},
  number={4},
  pages={267--358},
  year={2010},
  publisher={Now Publishers, Inc.}
}

@incollection{del2013dsge,
  title={DSGE model-based forecasting},
  author={Del Negro, Marco and Schorfheide, Frank},
  booktitle={Handbook of economic forecasting},
  volume={2},
  pages={57--140},
  year={2013},
  publisher={Elsevier}
}

@incollection{rapach2013forecasting,
  title={Forecasting stock returns},
  author={Rapach, David and Zhou, Guofu},
  booktitle={Handbook of economic forecasting},
  volume={2},
  pages={328--383},
  year={2013},
  publisher={Elsevier}
}

@inproceedings{limagodeiromohsin2018,
  title={Time-Varying Dictionary and the Predictive Power of FED Minutes},
  author={Lima, Luiz Renato and Godeiro, Lucas L\'ucio and Mohsin, Mohammed},
  booktitle={2018 CIRET biennial international conference},
  year={2018}
}

@article{west1996asymptotic,
  title={Asymptotic inference about predictive ability},
  author={West, Kenneth D},
  journal={Econometrica: Journal of the Econometric Society},
  pages={1067--1084},
  year={1996},
  publisher={JSTOR}
}

@article{campbell2007predicting,
  title={Predicting excess stock returns out of sample: Can anything beat the historical average?},
  author={Campbell, John Y and Thompson, Samuel B},
  journal={The Review of Financial Studies},
  volume={21},
  number={4},
  pages={1509--1531},
  year={2007},
  publisher={Society for Financial Studies}
}


@article{mccracken2007asymptotics,
  title={Asymptotics for out of sample tests of Granger causality},
  author={McCracken, Michael W},
  journal={Journal of Econometrics},
  volume={140},
  number={2},
  pages={719--752},
  year={2007},
  publisher={Elsevier}
}

@article{peress2014media,
  title={The media and the diffusion of information in financial markets: Evidence from newspaper strikes},
  author={Peress, Joel},
  journal={The Journal of Finance},
  volume={69},
  number={5},
  pages={2007--2043},
  year={2014},
  publisher={Wiley Online Library}
}

@article{rapach2016short,
  title={Short interest and aggregate stock returns},
  author={Rapach, David E and Ringgenberg, Matthew C and Zhou, Guofu},
  journal={Journal of Financial Economics},
  volume={121},
  number={1},
  pages={46--65},
  year={2016},
  publisher={Elsevier}
}
@article{clark2001tests,
  title={Tests of equal forecast accuracy and encompassing for nested models},
  author={Clark, Todd E and McCracken, Michael W},
  journal={Journal of econometrics},
  volume={105},
  number={1},
  pages={85--110},
  year={2001},
  publisher={Elsevier}
}


@article{ferreira2011forecasting,
  title={Forecasting stock market returns: The sum of the parts is more than the whole},
  author={Ferreira, Miguel A and Santa-Clara, Pedro},
  journal={Journal of Financial Economics},
  volume={100},
  number={3},
  pages={514--537},
  year={2011},
  publisher={Elsevier}
}


@article{smets2007shocks,
  title={Shocks and frictions in US business cycles: A Bayesian DSGE approach},
  author={Smets, Frank and Wouters, Rafael},
  journal={American economic review},
  volume={97},
  number={3},
  pages={586--606},
  year={2007}
}

@article{beaudry1993recessions,
  title={Do recessions permanently change output?},
  author={Beaudry, Paul and Koop, Gary},
  journal={Journal of Monetary economics},
  volume={31},
  number={2},
  pages={149--163},
  year={1993},
  publisher={Elsevier}
}

@incollection{chauvet2013forecasting,
  title={Forecasting output},
  author={Chauvet, Marcelle and Potter, Simon},
  booktitle={Handbook of Economic Forecasting},
  volume={2},
  pages={141--194},
  year={2013},
  publisher={Elsevier}
}

@article{mcdonald2012loughran,
  title={The use of word lists in textual analysis},
  author={Loughran, Tim and McDonald, Bill},
  journal={Journal of Behavioral Finance},
  volume={16},
  number={1},
  pages={1--11},
  year={2015},
  publisher={Taylor \& Francis}
}

@article{garcia2013sentiment,
  title={Sentiment during recessions},
  author={Garcia, Diego},
  journal={The Journal of Finance},
  volume={68},
  number={3},
  pages={1267--1300},
  year={2013},
  publisher={Wiley Online Library}
}

@techreport{apel2012information,
	title={The information content of central bank minutes},
	author={Apel, Mikael and Grimaldi, Marianna},
	year={2012},
	institution={Sveriges Riksbank Working Paper Series no.261}
}

@techreport{lucca2009measuring,
	title={Measuring central bank communication: an automated approach with application to FOMC statements},
	author={Lucca, David O and Trebbi, Francesco},
	year={2009},
	institution={National Bureau of Economic Research}
}

@book{silge2017text,
	title={Text mining with R: A tidy approach},
	author={Silge, Julia and Robinson, David},
	year={2017},
	publisher={" O'Reilly Media, Inc."}
}

@techreport{NBERw23276,
	title = "Text as Data",
	author = "Matthew Gentzkow and Bryan T. Kelly and Matt Taddy",
	institution = "National Bureau of Economic Research",
	type = "Working Paper",
	series = "Working Paper Series",
	number = "23276",
	year = "2017",
	month = "March",
	doi = {10.3386/w23276},
	URL = "http://www.nber.org/papers/w23276",
	abstract = {An ever increasing share of human interaction, communication, and culture is recorded as digital text. We provide an introduction to the use of text as an input to economic research. We discuss the features that make text different from other forms of data, offer a practical overview of relevant statistical methods, and survey a variety of applications.},
}

@article{shapiro1968comparative,
	title={A comparative study of various tests for normality},
	author={Shapiro, Samuel S and Wilk, Martin B and Chen, Hwei J},
	journal={Journal of the American Statistical Association},
	volume={63},
	number={324},
	pages={1343--1372},
	year={1968},
	publisher={Taylor \& Francis Group}
}

@article{xiao2007,
	title={Testing covariance stationarity},
	author={Xiao, Zhijie and Lima, Luiz Renato},
	journal={Econometric Reviews},
	volume={26},
	number={6},
	pages={643--667},
	year={2007},
	publisher={Taylor \& Francis}
}

@article{pettenuzzo2014,
	title={A Bayesian midas approach to modeling first and second moment dynamics},
	author={Pettenuzzo, Davide and Timmermann, Allan G and Valkanov, Rossen I},
	year={2014}
}

@article{pettenuzzo2016,
	title={A MIDAS approach to modeling first and second moment dynamics},
	author={Pettenuzzo, Davide and Timmermann, Allan and Valkanov, Rossen},
	journal={Journal of Econometrics},
	volume={193},
	number={2},
	pages={315--334},
	year={2016},
	publisher={Elsevier}
}

@article{patton2007,
	title={Properties of optimal forecasts under asymmetric loss and nonlinearity},
	author={Patton, Andrew J and Timmermann, Allan},
	journal={Journal of Econometrics},
	volume={140},
	number={2},
	pages={884--918},
	year={2007},
	publisher={Elsevier}
}

@article{meligkotsidou2014,
	title={A quantile regression approach to equity premium prediction},
	author={Meligkotsidou, Loukia and Panopoulou, Ekaterini and Vrontos, Ioannis D and Vrontos, Spyridon D},
	journal={Journal of Forecasting},
	volume={33},
	number={7},
	pages={558--576},
	year={2014},
	publisher={Wiley Online Library}
}

@techreport{ludvigson2009,
	title={A factor analysis of bond risk premia},
	author={Ludvigson, Sydney C and Ng, Serena},
	year={2009},
	institution={National Bureau of Economic Research}
}

@misc{ludvigson2010,
	title={A factor analysis of bond risk premia, Handbook of Empirical Economics and Finance, ed by Aman Ulah and David A. Giles, 313--372},
	author={Ludvigson, S and Ng, S},
	year={2010},
	publisher={Chapman and Hall}
}

@article{kwiatkowski1992,
	title={Testing the null hypothesis of stationarity against the alternative of a unit root: How sure are we that economic time series have a unit root?},
	author={Kwiatkowski, Denis and Phillips, Peter CB and Schmidt, Peter and Shin, Yongcheol},
	journal={Journal of econometrics},
	volume={54},
	number={1-3},
	pages={159--178},
	year={1992},
	publisher={Elsevier}
}

@article{kuzin2011,
	title={MIDAS vs. mixed-frequency VAR: Nowcasting GDP in the euro area},
	author={Kuzin, Vladimir and Marcellino, Massimiliano and Schumacher, Christian},
	journal={International Journal of Forecasting},
	volume={27},
	number={2},
	pages={529--542},
	year={2011},
	publisher={Elsevier}
}

@book{koenker2005,
	title={Quantile regression},
	author={Koenker, Roger},
	number={38},
	year={2005},
	publisher={Cambridge university press}
}

@article{judge1988,
	title={Introduction to the Theory and Practice of Econometrics, 1988},
	author={Judge, George G and Hill, R Carter and Griffiths, William E and L{\"u}tkepohl, H and Lee, Tsoung-Chao},
	journal={John Wiley\&Sons, New York}
}

@article{jarque1987,
	title={A test for normality of observations and regression residuals},
	author={Jarque, Carlos M and Bera, Anil K},
	journal={International Statistical Review/Revue Internationale de Statistique},
	pages={163--172},
	year={1987},
	publisher={JSTOR}
}

@article{ghysels2005,
	title={There is a risk-return trade-off after all},
	author={Ghysels, Eric and Santa-Clara, Pedro and Valkanov, Rossen},
	journal={Journal of Financial Economics},
	volume={76},
	number={3},
	pages={509--548},
	year={2005},
	publisher={Elsevier}
}

@article{ghysels2004,
	title={The MIDAS touch: Mixed data sampling regression models},
	author={Ghysels, Eric and Santa-Clara, Pedro and Valkanov, Rossen},
	journal={Finance},
	year={2004}
}
@article{lima2015,
	title={Out-of-Sample Return Predictability: A Quantile Combination Approach},
	author={Lima, Luiz Renato and Meng, Fanning},
	journal={Journal of Applied Econometrics},
	volume={32},
	number={4},
	pages={877--895},
	year={2017},
	publisher={Wiley Online Library}
}
@article{ma2008,
	title={Return forecasts and optimal portfolio construction: a quantile regression approach},
	author={Ma, Lingjie and Pohlman, Larry},
	journal={The European Journal of Finance},
	volume={14},
	number={5},
	pages={409--425},
	year={2008},
	publisher={Taylor \& Francis}
}

@article{friedman2010,
	title={Regularization paths for generalized linear models via coordinate descent},
	author={Friedman, Jerome and Hastie, Trevor and Tibshirani, Rob},
	journal={Journal of statistical software},
	volume={33},
	number={1},
	pages={1},
	year={2010},
	publisher={NIH Public Access}
}
@article{elliott2016,
	title={Optimal forecast combination under regime switching},
	author={Elliott, Graham and Timmermann, Allan},
	journal={International Economic Review},
	volume={46},
	number={4},
	pages={1081--1102},
	year={2005},
	publisher={Wiley Online Library}
}

@article{diebold2002,
	title={Comparing predictive accuracy},
	author={Diebold, Francis X and Mariano, Robert S},
	journal={Journal of Business \& economic statistics},
	volume={20},
	number={1},
	pages={134--144},
	year={2002},
	publisher={Taylor \& Francis}
}

@article{clements2009,
	title={Forecasting US output growth using leading indicators: An appraisal using MIDAS models},
	author={Clements, Michael P and Galv{\~a}o, Ana Beatriz},
	journal={Journal of Applied Econometrics},
	volume={24},
	number={7},
	pages={1187--1206},
	year={2009},
	publisher={Wiley Online Library}
}

@article{clements2008,
	title={Macroeconomic forecasting with mixed-frequency data: Forecasting output growth in the United States},
	author={Clements, Michael P and Galv{\~a}o, Ana Beatriz},
	journal={Journal of Business \& Economic Statistics},
	volume={26},
	number={4},
	pages={546--554},
	year={2008},
	publisher={Taylor \& Francis}
}

@article{clark2007,
	title={Approximately normal tests for equal predictive accuracy in nested models},
	author={Clark, Todd E and West, Kenneth D},
	journal={Journal of econometrics},
	volume={138},
	number={1},
	pages={291--311},
	year={2007},
	publisher={Elsevier}
}

@article{belloni2011,
	title={?1-penalized quantile regression in high-dimensional sparse models},
	author={Belloni, Alexandre and Chernozhukov, Victor and others},
	journal={The Annals of Statistics},
	volume={39},
	number={1},
	pages={82--130},
	year={2011},
	publisher={Institute of Mathematical Statistics}
}

@article{bai2008,
	title={Forecasting economic time series using targeted predictors},
	author={Bai, Jushan and Ng, Serena},
	journal={Journal of Econometrics},
	volume={146},
	number={2},
	pages={304--317},
	year={2008},
	publisher={Elsevier}
}

@article{andreou2013,
	title={Should macroeconomic forecasters use daily financial data and how?},
	author={Andreou, Elena and Ghysels, Eric and Kourtellos, Andros},
	journal={Journal of Business \& Economic Statistics},
	volume={31},
	number={2},
	pages={240--251},
	year={2013},
	publisher={Taylor \& Francis Group}
}


@article{jurado2015,
	title={Measuring uncertainty},
	author={Jurado, Kyle and Ludvigson, Sydney C and Ng, Serena},
	journal={The American Economic Review},
	volume={105},
	number={3},
	pages={1177--1216},
	year={2015},
	publisher={American Economic Association}
}


@article{sargent1987inflation,
	title={Inflation and the government budget constraint},
	author={Sargent, Thomas J and Wallace, Neil},
	journal={Economic policy in theory and practice},
	pages={170--200},
	year={1987},
	publisher={Macmillan New York}
}


@inproceedings{bai2011financial,
	title={Financial markets and fluctuations in uncertainty},
	author={Bai, Yan and Kehoe, Patrick and Arellano, Cristina},
	booktitle={2011 Meeting Papers},
	number={896},
	year={2011},
	organization={Society for Economic Dynamics}
}


@Book{CR,
  Title                    = {Statistical Inference},
  Author                   = {George Casella and Roger L. Berger},
  Publisher                = {Cengage Learning},
  Year                     = {2001},

  Owner                    = {Lucas Godeiro},
  Timestamp                = {2015.05.08}
}

@Book{Riviera,
  Title                    = {Forecasting for Economics and Business},
  Author                   = {Gloria Gonz�lez-Riviera},
  Publisher                = {Pearson},
  Year                     = {2013},

  Owner                    = {Lucas Godeiro},
  Timestamp                = {2015.05.20}
}

@Article{meyer1965introductory,
  Title                    = {Introductory probability and statistical applications},
  Author                   = {Meyer, Paul L},
  Year                     = {1965},

  Publisher                = {Addison-Wesley}
}


@book{hamilton1994time,
	title={Time series analysis},
	author={Hamilton, James Douglas},
	volume={2},
	year={1994},
	publisher={Princeton university press Princeton}
}

@article{geweke1983estimation,
	title={The estimation and application of long memory time series models},
	author={Geweke, John and Porter-Hudak, Susan},
	journal={Journal of time series analysis},
	volume={4},
	number={4},
	pages={221--238},
	year={1983},
	publisher={Wiley Online Library}
}

@article{oslington2012general,
	title={General Equilibrium: Theory and Evidence},
	author={Oslington, Paul},
	journal={Economic Record},
	volume={88},
	number={282},
	pages={446--448},
	year={2012},
	publisher={Wiley Online Library}
}

@article{ng2004international,
	title={The international CAPM when expected returns are time-varying},
	author={Ng, David T},
	journal={Journal of International Money and Finance},
	volume={23},
	number={2},
	pages={189--230},
	year={2004},
	publisher={Elsevier}
}

@Article{Gaglianone2012,
  author    = {Gaglianone, Wagner Piazza and Lima, Luiz Renato and Linton, Oliver and Smith, Daniel R},
  title     = {Evaluating value-at-risk models via quantile regression},
  journal   = {Journal of Business \& Economic Statistics},
  year      = {2012},
  publisher = {Taylor \& Francis},
}

@book{danielsson2011financial,
	title={Financial risk forecasting: the theory and practice of forecasting market risk with implementation in R and Matlab},
	author={Dan{\'\i}elsson, J{\'o}n},
	volume={588},
	year={2011},
	publisher={John Wiley \& Sons}
}

@book{popper2004logica,
	title={A l{\'o}gica da pesquisa cient{\'\i}fica},
	author={Popper, Karl R},
	year={2004},
	publisher={Editora Cultrix}
}

@article{adler1983international,
	title={International portfolio choice and corporation finance: A synthesis},
	author={Adler, Michael and Dumas, Bernard},
	journal={Journal of finance},
	pages={925--984},
	year={1983},
	publisher={JSTOR}
}

@article{engle1995multivariate,
	title={Multivariate simultaneous generalized ARCH},
	author={Engle, Robert F and Kroner, Kenneth F},
	journal={Econometric theory},
	volume={11},
	number={01},
	pages={122--150},
	year={1995},
	publisher={Cambridge Univ Press}
}

@article{bollerslev1988capital,
	title={A capital asset pricing model with time-varying covariances},
	author={Bollerslev, Tim and Engle, Robert F and Wooldridge, Jeffrey M},
	journal={The Journal of Political Economy},
	pages={116--131},
	year={1988},
	publisher={JSTOR}
}

@article{ding2001large,
	title={Large scale conditional covariance matrix modeling, estimation and testing},
	author={Ding, Zhuanxin and Engle, Robert F},
	year={2001},
	publisher={NYU working paper No. Fin-01-029}
}

@article{eun1989international,
	title={International transmission of stock market movements},
	author={Eun, Cheol S and Shim, Sangdal},
	journal={Journal of financial and quantitative Analysis},
	volume={24},
	number={02},
	pages={241--256},
	year={1989},
	publisher={Cambridge Univ Press}
}

@article{tse2002multivariate,
	title={A multivariate generalized autoregressive conditional heteroscedasticity model with time-varying correlations},
	author={Tse, Yiu K and Tsui, Albert K C},
	journal={Journal of Business \& Economic Statistics},
	volume={20},
	number={3},
	pages={351--362},
	year={2002},
	publisher={Taylor \& Francis}
}

@article{karolyi1995multivariate,
	title={A multivariate GARCH model of international transmissions of stock returns and volatility: The case of the United States and Canada},
	author={Karolyi, G Andrew},
	journal={Journal of Business \& Economic Statistics},
	volume={13},
	number={1},
	pages={11--25},
	year={1995},
	publisher={Taylor \& Francis}
}

@article{eun2008international,
	title={International diversification with large-and small-cap stocks},
	author={Eun, Cheol S and Huang, Wei and Lai, Sandy},
	journal={Journal of Financial and Quantitative Analysis},
	volume={43},
	number={02},
	pages={489--524},
	year={2008},
	publisher={Cambridge Univ Press}
}

@article{modigliani1958cost,
	title={The cost of capital, corporation finance and the theory of investment},
	author={Modigliani, Franco and Miller, Merton H},
	journal={The American economic review},
	pages={261--297},
	year={1958},
	publisher={JSTOR}
}

@article{engle1982autoregressive,
	title={Autoregressive conditional heteroscedasticity with estimates of the variance of United Kingdom inflation},
	author={Engle, Robert F},
	journal={Econometrica: Journal of the Econometric Society},
	pages={987--1007},
	year={1982},
	publisher={JSTOR}
}

@article{susmel1994hourly,
	title={Hourly volatility spillovers between international equity markets},
	author={Susmel, Raul and Engle, Robert F},
	journal={Journal of International Money and Finance},
	volume={13},
	number={1},
	pages={3--25},
	year={1994},
	publisher={Elsevier}
}

@article{santis1997international,
	title={International asset pricing and portfolio diversification with time-varying risk},
	author={Santis, Giorgio and Gerard, Bruno},
	journal={The Journal of Finance},
	volume={52},
	number={5},
	pages={1881--1912},
	year={1997},
	publisher={Wiley Online Library}
}

@techreport{cappiello2000international,
	title={International capm with regime switching garch parameters},
	author={Cappiello, Lorenzo and Fearnley, Tom A},
	year={2000},
	institution={International Center for Financial Asset Management and Engineering}
}

@article{hamilton1990analysis,
	title={Analysis of time series subject to changes in regime},
	author={Hamilton, James D},
	journal={Journal of econometrics},
	volume={45},
	number={1},
	pages={39--70},
	year={1990},
	publisher={Elsevier}
}

@article{epstein1989substitution,
	title={Substitution, risk aversion, and the temporal behavior of consumption and asset returns: A theoretical framework},
	author={Epstein, Larry G and Zin, Stanley E},
	journal={Econometrica: Journal of the Econometric Society},
	pages={937--969},
	year={1989},
	publisher={JSTOR}
}

@book{hodrick1999international,
	title={An international dynamic asset pricing model},
	author={Hodrick, Robert J and Ng, David Tat-Chee and Sengmueller, Paul},
	year={1999},
	publisher={Springer}
}

@article{cappiello2006asymmetric,
	title={Asymmetric dynamics in the correlations of global equity and bond returns},
	author={Cappiello, Lorenzo and Engle, Robert F and Sheppard, Kevin},
	journal={Journal of Financial econometrics},
	volume={4},
	number={4},
	pages={537--572},
	year={2006},
	publisher={Oxford Univ Press}
}

@article{solnik1974equilibrium,
	title={An equilibrium model of the international capital market},
	author={Solnik, Bruno H},
	journal={Journal of economic theory},
	volume={8},
	number={4},
	pages={500--524},
	year={1974},
	publisher={Elsevier}
}

@article{markowitz1952portfolio,
	title={Portfolio selection*},
	author={Markowitz, Harry},
	journal={The journal of finance},
	volume={7},
	number={1},
	pages={77--91},
	year={1952},
	publisher={Wiley Online Library}
}

@inproceedings{toutanova2003feature,
  title={Feature-rich part-of-speech tagging with a cyclic dependency network},
  author={Toutanova, Kristina and Klein, Dan and Manning, Christopher D and Singer, Yoram},
  booktitle={Proceedings of the 2003 Conference of the North American Chapter of the Association for Computational Linguistics on Human Language Technology-Volume 1},
  pages={173--180},
  year={2003},
  organization={Association for Computational Linguistics}
}

@article{hansen2017transparency,
  title={Transparency and deliberation within the FOMC: a computational linguistics approach},
  author={Hansen, Stephen and McMahon, Michael and Prat, Andrea},
  journal={The Quarterly Journal of Economics},
  volume={133},
  number={2},
  pages={801--870},
  year={2017},
  publisher={Oxford University Press}
}

@article{thorsrud2018words,
  title={Words are the New Numbers: A Newsy Coincident Index of the Business Cycle},
  author={Thorsrud, Leif Anders},
  journal={Journal of Business \& Economic Statistics},
  pages={1--17},
  year={2018},
  publisher={Taylor \& Francis}
}
@article{chakraborty2017machine,
  title={Machine learning at central banks},
  author={Chakraborty, Chiranjit and Joseph, Andreas},
  journal={Bank of England},
  year={2017}
}



@Comment{jabref-meta: databaseType:bibtex;}
